<?xml version="1.0" encoding="UTF-8"?><collection xmlns="http://www.loc.gov/MARC21/slim"><record><leader>00428nam--2200157-i-4500</leader><controlfield tag="001">000015778</controlfield><controlfield tag="002">20161230</controlfield><controlfield tag="005">20170101174044</controlfield><controlfield tag="008">060222s1000------------r-----000-0-eng-d</controlfield><datafield ind1=" " ind2=" " tag="080"><subfield code="a">541.4:546</subfield></datafield><datafield ind1=" " ind2=" " tag="100"><subfield code="a">Brezeanu, Maria</subfield></datafield><datafield ind1=" " ind2=" " tag="245"><subfield code="a">Combinatii complexe polinucleare si aplicatii le lor</subfield></datafield><datafield ind1=" " ind2=" " tag="260"><subfield code="a">Bucuresti, Editura Academiei Rsr, 1986,224 P</subfield></datafield><datafield ind1=" " ind2=" " tag="700"><subfield code="a">Andruh, Marius</subfield></datafield><datafield ind1=" " ind2=" " tag="852"><subfield code="a">73442</subfield></datafield><datafield ind1=" " ind2=" " tag="CAT"><subfield code="a">SYS</subfield><subfield code="c">20170101</subfield><subfield code="h">174044</subfield></datafield></record></collection>